<?xml version="1.0" encoding="UTF-8"?><collection xmlns="http://www.loc.gov/MARC21/slim"><record><leader>00469nam--2200169-i-4500</leader><controlfield tag="001">000023099</controlfield><controlfield tag="002">20161230</controlfield><controlfield tag="005">20161230201034</controlfield><controlfield tag="008">060222s1000------------r-----000-0-eng-d</controlfield><datafield ind1=" " ind2=" " tag="040"><subfield code="a">IFIN-HH</subfield></datafield><datafield ind1=" " ind2=" " tag="080"><subfield code="a">53</subfield></datafield><datafield ind1="1" ind2=" " tag="100"><subfield code="a">Hohler, G</subfield></datafield><datafield ind1="1" ind2="0" tag="245"><subfield code="a">Springer tracts in modern physics. ergebnisse der exakten naturwissenschaften</subfield><subfield code="b">Volume 36</subfield><subfield code="c">G. hohler (ed.)</subfield></datafield><datafield ind1=" " ind2=" " tag="260"><subfield code="a">Berlin</subfield><subfield code="b">Springer-verlag</subfield><subfield code="c">1964</subfield></datafield><datafield ind1=" " ind2=" " tag="306"><subfield code="a">242p</subfield></datafield><datafield ind1=" " ind2=" " tag="852"><subfield code="a">506</subfield><subfield code="c">53</subfield></datafield><datafield ind1=" " ind2=" " tag="CAT"><subfield code="a">Sys</subfield><subfield code="c">20141211</subfield><subfield code="h">190040</subfield></datafield></record></collection>